@book{Aho:72,
    author  = {Alfred V. Aho and Jeffrey D. Ullman},
    title   = {The Theory of Parsing, Translation and Compiling},
    year    = "1972",
    volume  = "1",
    publisher = {Prentice-Hall},
    address = {Englewood Cliffs, NJ}
}

@book{APA:83,
    author  = {{American Psychological Association}},
    title   = {Publications Manual},
    year    = "1983",
   publisher = {American Psychological Association},
   address = {Washington, DC}
}

@article{ACM:83,
	year = "1983",
	author = {{Association for Computing Machinery}},
	journal = {Computing Reviews},
	volume = "24",
	number = "11",
	pages = "503--512"
}

@article{Chandra:81,
	author = {Ashok K. Chandra and Dexter C. Kozen and Larry J. Stockmeyer},
	year = "1981",
	title = {Alternation},
	journal = {Journal of the Association for Computing Machinery},
	volume = "28",
	number = "1",
	pages = "114--133",
	doi = "10.1145/322234.322243",
}

@book{Gusfield:97,
    author  = {Dan Gusfield},
    title   = {Algorithms on Strings, Trees and Sequences},
    year    = "1997",
    publisher = {Cambridge University Press},
    address = {Cambridge, UK}
}

@InProceedings{P16-1001,
  author =	{Goodman, James
  	 and Vlachos, Andreas
	     and Naradowsky, Jason},
  title =    "Noise reduction and targeted exploration in imitation learning for      Abstract Meaning Representation parsing    ",
  booktitle = 	    "Proceedings of the 54th Annual Meeting of the Association for      Computational Linguistics (Volume 1: Long Papers)    ",
  year =    "2016",
  publisher =	"Association for Computational Linguistics",
  pages =   "1--11",
  location =	"Berlin, Germany",
  doi =    "10.18653/v1/P16-1001",
  url =    "http://aclweb.org/anthology/P16-1001"
}

@InProceedings{C14-1001,
  author =	"Harper, Mary",
  title = 	"Learning from 26 Languages: Program Management and Science in the Babel Program",
  booktitle = 	"Proceedings of COLING 2014, the 25th International Conference on Computational Linguistics: Technical Papers",
  year =    "2014",
  publisher =	"Dublin City University and Association for Computational Linguistics",
  pages =   "1",
  location =	"Dublin, Ireland",
  url =    "http://aclweb.org/anthology/C14-1001"
}

@article{INR-015,
  url = {http://dx.doi.org/10.1561/1500000015},
  year = {2011},
  volume = {5},
  journal = {Foundations and Trends in Information Retrieval},
  title = {Automatic Summarization},
  doi = {10.1561/1500000015},
  issn = {1554-0669},
  number = {2Ã¢--3},
  pages = {103-233},
  author = {Ani Nenkova and Kathleen McKeown}
}

@inproceedings{mehta2016extractive,
  title={From extractive to abstractive summarization: a journey},
  author={Mehta, Parth},
  booktitle={Proceedings of the ACL 2016 Student Research Workshop},
  pages={100--106},
  year={2016}
}

@article{lin2004rouge,
  title={Rouge: A package for automatic evaluation of summaries},
  author={Lin, Chin-Yew},
  journal={Text Summarization Branches Out},
  year={2004}
}

@inproceedings{bossard2017evolutionary,
  title={An Evolutionary Algorithm for Automatic Summarization},
  author={Bossard, Aur{\'e}lien and Rodrigues, Christophe},
  booktitle={Proceedings of the International Conference Recent Advances in Natural Language Processing, RANLP 2017},
  pages={111--120},
  year={2017}
}

@article{ng2015better,
  title={Better summarization evaluation with word embeddings for rouge},
  author={Ng, Jun-Ping and Abrecht, Viktoria},
  journal={arXiv preprint arXiv:1508.06034},
  year={2015}
}

@article{rush2015neural,
  title={A neural attention model for abstractive sentence summarization},
  author={Rush, Alexander M and Chopra, Sumit and Weston, Jason},
  journal={arXiv preprint arXiv:1509.00685},
  year={2015}
}

@article{nallapati2016abstractive,
  title={Abstractive text summarization using sequence-to-sequence rnns and beyond},
  author={Nallapati, Ramesh and Zhou, Bowen and Gulcehre, Caglar and Xiang, Bing and others},
  journal={arXiv preprint arXiv:1602.06023},
  year={2016}
}
